%----------------------------------------------------------------------------------
% Exemplo do uso dos estilos bibliográficos ppgcc-{alpha,num}.bst.
% Veja o arquivo pucrs-ppgcc.cls para mais detalhes e instruções.
%----------------------------------------------------------------------------------

-- Atenção! Sempre confira as entradas BibTeX copiadas de
bibliotecas digitais, pois muitas vezes as mesmas possuem o
formato incorreto, ou falta alguma informação necessária para
a referência.

@article{Abdelaal2017NMPC,
    author      = {Abdelaal, Mohamed and Hahn, Axel},
    doi         = {10.1109/SPC.2016.7920697},
    isbn        = {9781509011810},
    journal     = {Proceedings - 2016 IEEE Conference on Systems, Process and Control, ICSPC 2016},
    keywords    = {Autonomous Vessels,Collision Avoidance,Colregs,Nonlinear model predictive control,Tracking},
    number      = {December},
    pages       = {23--28},
    title       = {{NMPC-based trajectory tracking and collision avoidance of unmanned surface vessels with rule-based colregs confinement}},
    year        = {2017}
}

@article{Abdelaal2018Nonlinear,
    author      = {Abdelaal, Mohamed and Fr{\"{a}}nzle, Martin and Hahn, Axel},
    doi         = {10.1016/j.oceaneng.2018.04.026},
    issn        = {00298018},
    journal     = {Ocean Engineering},
    keywords    = {Collision avoidance,Nonlinear disturbance obersver (NDO),Nonlinear model predictive control (NMPC),Trajectory tracking,Underactuated vessel},
    number      = {May 2016},
    pages       = {168--180},
    title       = {{Nonlinear Model Predictive Control for trajectory tracking and collision avoidance of underactuated vessels with disturbances}},
    volume      = {160},
    year        = {2018}
}

@article{Agrawal2015COLREGS,
    author      = {Agrawal, Pranay and Dolan, John M.},
    doi         = {10.1109/IROS.2015.7353502},
    isbn        = {9781479999941},
    issn        = {21530866},
    journal     = {IEEE International Conference on Intelligent Robots and Systems},
    keywords    = {Angular velocity,History,Monte Carlo methods,Motion estimation,Sea surface,Trajectory},
    pages       = {1065--1070},
    publisher   = {IEEE},
    title       = {{COLREGS-compliant target following for an Unmanned Surface Vehicle in dynamic environments}},
    volume      = {2015-Decem},
    year        = {2015}
}

@techreport{Annamalai2013Comparison,
    author          = {Annamalai, A S K and Motwani, Amit},
    institution     = {Marine and Industrial Dynamic Analysis School of Marine Science and Engineering Plymouth University, PL4 8AA},
    number          = {March},
    pages           = {1--19},
    numpages        = {19},
    title           = {{A comparison between LQG and MPC autopilots for inclusion in a navigation , guidance and control system}},
    year            = {2013}
}

@article{Benjamin2004COLREGS,
    archivePrefix   = {arXiv},
    arxivId         = {arXiv:1011.1669v3},
    author          = {Benjamin, M.R. and Curcio, J.A.},
    doi             = {10.1109/AUV.2004.1431190},
    eprint          = {arXiv:1011.1669v3},
    isbn            = {0-7803-8543-8},
    issn            = {1098-6596},
    journal         = {2004 IEEE/OES Autonomous Underwater Vehicles (IEEE Cat. No.04CH37578)},
    number          = {1},
    pages           = {32--39},
    pmid            = {25246403},
    title           = {{COLREGS-based navigation of autonomous marine vehicles}},
    url             = {http://ieeexplore.ieee.org/document/1431190/},
    volume          = {1},
    year            = {2004}
}

@article{Benjamin2006Method,
    archivePrefix = {arXiv},
    arxivId         = {10.1.1.91.5767},
    author          = {Benjamin, Michael R. and {John J. Leonard and Joseph A. Curcio} and Newman, Paul M.},
    doi             = {10.1002/rob},
    eprint          = {10.1.1.91.5767},
    file            = {:home/darlan/Darlan/Academic-Research/Master/Research/ResearchPlan{\_}PEP/ResearchPlan{\_}RelatedWork/Benjamin2006Method.pdf:pdf},
    isbn            = {9783902661623},
    issn            = {00040614},
    journal         = {Journal of Field Robotics 23(5), 333–346 (2006) {\textcopyright} 2006 Wiley Periodicals, Inc. Published online in Wiley InterScience (www.interscience.wiley.com).},
    mendeley-groups = {PEP},
    number          = {5},
    pages           = {486--494},
    pmid            = {22164016},
    title           = {{A Method for Protocol-Based Collision Avoidance between Autonomous Marine Surface Craft}},
    volume          = {71},
    year            = {2006}
}


@book{Berretti2016Advances,
    author  = {Berretti, Stefano and Thampi, Sabu M},
    doi     = {10.1007/978-3-319-23258-4},
    isbn    = {978-3-319-23257-7},
    pages   = {453},
    title   = {{Advances in Intelligent Systems and Computing: Intelligent Systems Technologies and Applications}},
    url     = {http://link.springer.com/10.1007/978-3-319-23258-4},
    volume  = {385},
    year    = {2016}
}
    
@article{Bertaska2017,
    author  = {Bertaska, Ivan R and Alvarez, Jose and Ellenrieder, Karl Von and Beach, Dania},
    pages   = {1--9},
    title   = {{DSCC2013-3838 EXPERIMENTAL EVALUATION OF APPROACH BEHAVIOR FOR}},
    year    = {2017}
}

@ARTICLE{Borenstein1989Real, 
    author  =   {J. Borenstein and Y. Koren}, 
    journal =   {IEEE Transactions on Systems, Man, and Cybernetics}, 
    title   =   {Real-time obstacle avoidance for fast mobile robots}, 
    year    =   {1989}, 
    volume  =   {19}, 
    number  =   {5}, 
    pages   =   {1179-1187}, 
    doi     =   {10.1109/21.44033}, 
    ISSN    =   {0018-9472}, 
    month   =   {Sep.}
}

@article{Breivik2008Straight,
    author  = {Breivik, Morten and Hovstein, Vegard E. and Fossen, Thor I.},
    doi     = {10.4173/mic.2008.4.2},
    isbn    = {0332-7353},
    issn    = {03327353},
    journal = {Modeling, Identification and Control},
    number  = {4},
    pages   = {131--149},
    title   = {{Straight-line target tracking for unmanned surface vehicles}},
    volume  = {29},
    year    = {2008}
}

@article{Caccia2007Unmanned,
    author  = {Caccia, M. and Bibuli, M. and Bono, R. and Bruzzone, Ga. and Bruzzone, Gi. and Spirandelli, E.},
    doi     = {10.4031/002533207787442259},
    isbn    = {0025-3324},
    issn    = {00253324},
    journal = {Marine Technology Society Journal},
    number  = {2},
    pages   = {62--71},
    pmid    = {25740967},
    title   = {Unmanned Surface Vehicle for Coastal and Protected Waters Applications: the Charlie Project},
    url     = {http://openurl.ingenta.com/content/xref?genre=article{\&}issn=0025-3324{\&}volume=41{\&}issue=2{\&}spage=62},
    volume  = {41},
    year    = {2007}
}

@article{Caccia2008Basic,
    author  = {Caccia, Massimo and Bibuli, Marco and Bono, Riccardo and Bruzzone, Gabriele},
    doi     = {10.1007/s10514-008-9100-0},
    isbn    = {0929-5593$\backslash$r1573-7527},
    issn    = {09295593},
    journal = {Autonomous Robots},
    number  = {4},
    pages   = {349--365},
    title   = {{Basic navigation, guidance and control of an Unmanned Surface Vehicle}},
    volume  = {25},
    year    = {2008}
}

@article{Caccia2005Sampling,
    author      = {Caccia, Massimo and Bono, Riccardo and Bruzzone, Gabriele and Bruzzone, Giorgio and Spirandelli, Edoardo and Veruggio, Gianmarco and Stortini, Angela Maria and Capodaglio, Gabriele},
    doi         = {10.1109/MRA.2005.1511873},
    isbn        = {1070-9932 VO - 12},
    issn        = {10709932},
    journal     = {IEEE Robotics and Automation Magazine},
    number      = {3},
    pages       = {95--105},
    publisher   = {IEEE},
    title       = {{Sampling sea surfaces with SESAMO: An autonomous craft for the study of sea-air interactions}},
    volume      = {12},
    year        = {2005}
}
@article{Campbell2012Review_COLREGs,
    author          = {Campbell, S. and Naeem, W. and Irwin, G. W.},
    doi             = {10.1016/j.arcontrol.2012.09.008},
    file            = {:home/darlan/Downloads/vision/A review on improving the autonomy of unmanned surface vehicles through intelligent collision avoidance manoeuvres.pdf:pdf},
    isbn            = {1367-5788},
    issn            = {13675788},
    journal         = {Annual Reviews in Control},
    keywords        = {Autonomy,COLREGs,Collision avoidance,Guidance,Motion planning,USVs},
    mendeley-groups = {Research Plan / PEP},
    number          = {2},
    pages           = {267--283},
    publisher       = {Elsevier Ltd},
    title           = {{A review on improving the autonomy of unmanned surface vehicles through intelligent collision avoidance manoeuvres}},
    url             = {http://dx.doi.org/10.1016/j.arcontrol.2012.09.008},
    volume          = {36},
    year            = {2012}
}

@article{Campbell2013Automatic,
    author  = {Campbell, Sable and Abu-Tair, Mamun and Naeem, Wasif},
    doi     = {10.1177/1475090213498229},
    isbn    = {1475-0902},
    issn    = {20413084},
    journal = {Proceedings of the Institution of Mechanical Engineers Part M: Journal of Engineering for the Maritime Environment},
    number  = {2},
    pages   = {108--121},
    title   = {{An automatic COLREGs-compliant obstacle avoidance system for an unmanned surface vehicle}},
    volume  = {228},
    year    = {2013}
}

@article{Desa2007Small,
    author = {Desa, E and Maurya, P K and Pereira, A and Pascoal, A M and Prabhudesai, R G and Mascarenhas, A and Madhan, R and Matondkar, S G P and Navelkar, G and Prabhudesai, S and Afzulpurkar, S},
    doi = {Doi 10.1109/Joe.2007.893688},
    isbn = {0364-9059},
    journal = {Ieee Journal of Oceanic Engineering},
    number = {2},
    pages = {353--364},
    title = {{Peer-reviewed technical communication - A small autonomous surface vehicle for ocean color remote sensing}},
    volume = {32},
    year = {2007}
}

@article{Candeloro2017Voronoi,
    author = {Candeloro, Mauro and Lekkas, Anastasios M. and S{\o}rensen, Asgeir J.},
    doi = {10.1016/j.conengprac.2017.01.007},
    issn = {09670661},
    journal = {Control Engineering Practice},
    number = {May 2016},
    pages = {41--54},
    publisher = {Elsevier Ltd},
    title = {{A Voronoi-diagram-based dynamic path-planning system for underactuated marine vessels}},
    url = {http://dx.doi.org/10.1016/j.conengprac.2017.01.007},
    volume = {61},
    year = {2017}
}


@article{El-Gaaly2013Visual,
    author = {El-Gaaly, Tarek and Tomaszewski, Christopher and Valada, Abhinav and Velagapudi, Prasanna and Kannan, Balajee and Scerri, Paul},
    title = {{Visual Obstacle Avoidance for Autonomous Watercraft using Smartphones}},
    url = {http://repository.cmu.edu/robotics{\%}0Ahttp://repository.cmu.edu/robotics/908},
    year = {2013}
}

@article{Fiorini1998Motion,
    author = {Fiorini, Paolo and Shiller, Zvi},
    doi = {10.1177/027836499801700706},
    eprint = {arXiv:1011.1669v3},
    isbn = {0278-3649},
    issn = {02783649},
    journal = {International Journal of Robotics Research},
    number = {7},
    pages = {760--772},
    pmid = {25246403},
    title = {{Motion planning in dynamic environments using velocity obstacles}},
    volume = {17},
    year = {1998}
}


@article{Fredriksen2006Global,
    author = {Fredriksen, E. and Pettersen, K. Y.},
    doi = {10.1016/j.automatica.2005.12.020},
    isbn = {0005-1098},
    issn = {00051098},
    journal = {Automatica},
    number = {4},
    pages = {677--687},
    title = {{Global $\kappa$-exponential way-point maneuvering of ships: Theory and experiments}},
    volume = {42},
    year = {2006}
}

@article{Hart1972Formal,
    author = {E. Hart, Peter and J. Nilsson, Nils and Raphael, Bertram},
    year = {1972},
    month = {12},
    pages = {28-29},
    title = {A Formal Basis for the Heuristic Determination of Minimum Cost Paths},
    volume = {37},
    journal = {Intelligence/sigart Bulletin - SIGART},
    doi = {10.1145/1056777.1056779}
}

@ARTICLE{Healey1993Multivariable, 
    author={A. J. Healey and D. Lienard}, 
    journal={IEEE Journal of Oceanic Engineering}, 
    title={Multivariable sliding mode control for autonomous diving and steering of unmanned underwater vehicles}, 
    year={1993}, 
    volume={18}, 
    number={3}, 
    pages={327-339}, 
    doi={10.1109/JOE.1993.236372}, 
    ISSN={0364-9059}, 
    month={July}
}

@article{Healey2007Collaborative,
    author  = {Healey, Anthony J. and Horner, D. P. and Kragelund, S. P. and Wring, B. and Monarrez, A.},
    doi     = {10.3182/20070919-3-HR-3904.00002},
    isbn    = {9783902661623},
    issn    = {14746670},
    journal = {IFAC Proceedings Volumes (IFAC-PapersOnline)},
    number  = {PART 1},
    pages   = {1--6},
    title   = {{Collaborative unmanned systems for maritime and port security operations}},
    volume  = {7},
    year    = {2007}
}

@article{Huang2019Generalized,
    author      = {Huang, Yamin and Chen, Linying and van Gelder, P.H.A.J.M.},
    doi         = {10.1016/j.oceaneng.2018.12.053},
    issn        = {00298018},
    journal     = {Ocean Engineering},
    keywords    = {COLREGs compliance,Collision prevention,Generalized velocity obstacle,Ship dynamics model,collision prevention,generalized velocity obstacle},
    number      = {December 2018},
    pages       = {142--156},
    publisher   = {Elsevier Ltd},
    title       = {{Generalized velocity obstacle algorithm for preventing ship collisions at sea}},
    url         = {https://linkinghub.elsevier.com/retrieve/pii/S0029801818314215},
    volume      = {173},
    year        = {2019}
}


@book{Kiencke2005Impact,
    author      = {Kiencke, Uwe and Nielsen, Lars and Sutton, Robert and Schilling, Klaus and Papageorgiou, Markos and Asama, Hajime},
    booktitle   = {IFAC Proceedings Volumes},
    doi         = {https://doi.org/10.3182/20050703-6-CZ-1902.01906},
    issn        = {1474-6670},
    pages       = {109--116},
    numpages    = {8},
    publisher   = {IFAC},
    title       = {THE IMPACT OF AUTOMATIC CONTROL ON RECENT DEVELOPMENTS IN TRANSPORTATION AND VEHICLE SYSTEMS: Status report prepared by the IFAC Coordinating committee on Transportation and Vehicle Systems},
    url         = {http://www.sciencedirect.com/science/article/pii/S1474667016379186},
    volume      = {38},
    year        = {2005}
}

@article{Kim2014Angular,
    doi = {10.1016/j.oceaneng.2014.03.034},
    isbn = {0029-8018},
    issn = {00298018},
    journal = {Ocean Engineering},
    pages = {37--44},
    publisher = {Elsevier},
    title = {{Angular rate-constrained path planning algorithm for unmanned surface vehicles}},
    url = {http://dx.doi.org/10.1016/j.oceaneng.2014.03.034},
    volume = {84},
    year = {2014}
}
@article{Kuwata2014Safe,
    author = {Kuwata, Yoshiaki and Wolf, Michael T. and Zarzhitsky, Dimitri and Huntsberger, Terrance L.},
    doi = {10.1109/JOE.2013.2254214},
    file = {:home/darlan/Darlan/Academic-Research/Master/Research/ResearchPlan{\_}PEP/ResearchPlan{\_}RelatedWork/Kuwata2014Safe.pdf:pdf},
    isbn = {9781612844541},
    issn = {03649059},
    journal = {IEEE Journal of Oceanic Engineering},
    keywords = {COLREGS,unmanned surface vehicle (USV),velocity obstacles (VOs)},
    mendeley-groups = {PEP},
    number = {1},
    pages = {110--119},
    pmid = {6942752},
    publisher = {IEEE},
    title = {{Safe maritime autonomous navigation with COLREGS, using velocity obstacles}},
    volume = {39},
    year = {2014}
}

@proceedings{Larson2006Autonomous,
    author          = {Larson, Jacoby and Bruch, Michael and Ebken, John},
    editor          = {Grant R. Gerhart, Charles M. Shoemaker, Douglas W. Gage},
    doi             = {10.1117/12.663798},
    isbn            = {6195539775},
    organization    = {SPIE},
    pages           = {623007-1 -- 623007-12},
    title           = {{Autonomous navigation and obstacle avoidance for unmanned surface vehicles}},
    url             = {http://proceedings.spiedigitallibrary.org/proceeding.aspx?doi=10.1117/12.663798},
    volume          = {6230},
    year            = {2006}
}

@techreport{Larson2007Advances,
    author      = {Larson, Jacoby and Bruch, Michael and Halterman, Ryan and Rogers, John and Webster, Robert},
    doi         = {10.1117/12.663798},
    institution = {Space and Naval Warfare Systems Center},
    isbn        = {6195539775},
    issn        = {0277786X},
    journal     = {Techniques},
    numpages    = {15},
    pages       = {1--15},
    title       = {{Advances in Autonomous Obstacle Avoidance for Unmanned Surface Vehicles}},
    url         = {http://citeseerx.ist.psu.edu/viewdoc/download?doi=10.1.1.74.4558{\&}rep=rep1{\&}type=pdf},
    year        = {2007}
}

@article{Lee2004Fuzzy,
    author  = {Lee, Sang-Min and Kwon, Kyung-Yub  and and Joh, Joongseon},
    isbn    = {1598-6446},
    issn    = {1598-6446},
    journal = {International Journal of Control, Automation and Systems},
    number  = {2},
    pages   = {171--181},
    title   = {{A fuzzy logic for autonomous navigation of marine vehicle satisfying COLREG guidelines}},
    volume  = {2},
    year    = {2004}
}

@article{Lazarowska2017New,
    author      = {Lazarowska, Agnieszka},
    doi         = {10.1016/j.eswa.2016.11.005},
    issn        = {09574174},
    journal     = {Expert Systems with Applications},
    pages       = {469--478},
    publisher   = {Elsevier Ltd},
    title       = {{A new deterministic approach in a decision support system for ship's trajectory planning}},
    volume      = {71},
    year        = {2017}
}


@article{Naeem2012COLREGS,
    author      = {Naeem, Wasif and Irwin, George W. and Yang, Aolei},
    doi         = {10.1016/j.mechatronics.2011.09.012},
    isbn        = {0957-4158},
    issn        = {09574158},
    journal     = {Mechatronics},
    number      = {6},
    pages       = {669--678},
    publisher   = {Elsevier Ltd},
    title       = {{COLREGs-based collision avoidance strategies for unmanned surface vehicles}},
    url         = {http://dx.doi.org/10.1016/j.mechatronics.2011.09.012},
    volume      = {22},
    year        = {2012}
}

@article{Naeem2012Integrated,
    author      = {Naeem, Wasif and Sutton, Robert and Xu, Tao},
    doi         = {10.1016/j.oceaneng.2011.11.001},
    isbn        = {00298018},
    issn        = {00298018},
    journal     = {Ocean Engineering},
    pages       = {43--52},
    publisher   = {Elsevier},
    title       = {{An integrated multi-sensor data fusion algorithm and autopilot implementation in an uninhabited surface craft}},
    url         = {http://dx.doi.org/10.1016/j.oceaneng.2011.11.001},
    volume      = {39},
    year        = {2012}
}

@article{Nau2003SHOP2_System,
	archivePrefix   = {arXiv},
	arxivId         = {1106.4869},
	author          = {Nau, Dana and Au, Tsz Chiu and Ilghami, Okhtay and Kuter, Ugur and Murdock, J. William and Wu, Dan and Yaman, Fusun},
	doi             = {10.1613/jair.1141},
	eprint          = {1106.4869},
	issn            = {10769757},
	journal         = {Journal of Artificial Intelligence Research},
	title           = {{SHOP2: An HTN planning system}},
	volume          = {20},
	year            = {2003}
}

@article{Naus2013Idea,
    author      = {Naus, K. and W{\c{a}}{\.{z}}, M.},
    issn        = {1733-8670},
    journal     = {Zeszyty Naukowe / Akademia Morska w Szczecinie},
    number      = {nr 36 (108) z. 2},
    pages       = {143----147},
    title       = {{The idea of using the A* algorithm for route planning an unmanned vehicle “Edredon”}},
    volume      = {36},
    year        = {2013}
}

@article{Paravisi2018Toward,
    author          = {Paravisi, Marcelo and Jorge, Vitor A M and Amory, Alexandre},
    title           = {Toward an Accurate Hydrologic Urban Flooding Simulations for Disaster Robotics},
    volume          = {ICINCO 2018},
    year            = {2018}
}

@article{Pastore2010Improving,
    archivePrefix   = {arXiv},
    arxivId         = {10.1.1.91.5767},
    author          = {Pastore, Thomas and Djapic, Vladimir},
    doi             = {10.1002/rob.20353},
    eprint          = {10.1.1.91.5767},
    isbn            = {9783902661623},
    issn            = {00040614},
    journal         = {Journal of Field Robotics},
    number          = {6},
    pages           = {903--914},
    pmid            = {22164016},
    title           = {Improving Autonomy and Control of Autonomous Surface Vehicles in Port Protection and Mine Countermeasure Scenarios},
    volume          = {27},
    year            = {2010}
}

@article{Peng2013Adaptive,
    archivePrefix = {arXiv},
    arxivId         = {arXiv:1105.1463v1},
    author          = {Peng, Zhouhua and Wang, Dan and Chen, Zhiyong and Hu, Xiaojing and Lan, Weiyao},
    doi             = {10.1109/TCST.2011.2181513},
    eprint          = {arXiv:1105.1463v1},
    isbn            = {1063-6536},
    issn            = {10636536},
    journal         = {IEEE Transactions on Control Systems Technology},
    number          = {2},
    pages           = {513--520},
    publisher       = {IEEE},
    title           = {{Adaptive dynamic surface control for formations of autonomous surface vehicles with uncertain dynamics}},
    volume          = {21},
    year            = {2013}
}

@inproceedings{Quigley2009ROS,
	title       = {ROS: an open-source Robot Operating System},
	booktitle   = {ICRA Workshop on Open Source Software},
	year        = {2009},
	attachments = {http://www.willowgarage.com/sites/default/files/icraoss09-ROS.pdf},
	author      = {Morgan Quigley and Ken Conley and Brian P. Gerkey and Josh Faust and Tully Foote and Jeremy Leibs and Rob Wheeler and Andrew Y. Ng}
}

@article{Rong2003Survey, 
    author      ={X. {Rong Li} and V. P. {Jilkov}}, 
    journal     ={IEEE Transactions on Aerospace and Electronic Systems}, 
    title       ={Survey of maneuvering target tracking. Part I. Dynamic models}, 
    year        ={2003}, 
    volume      ={39}, 
    number      ={4}, 
    pages       ={1333-1364}, 
    keywords    ={target tracking;maneuvering target tracking;dynamic model;target motion;target dynamics;mathematical models;2D models;3D models;coordinate-uncoupled generic model;Target tracking;Mathematical model;Aerodynamics;Measurement uncertainty;Data mining;Books;Object detection;Target recognition;Terrorism;NASA}, 
    doi         ={10.1109/TAES.2003.1261132}, 
    ISSN        ={0018-9251}, 
    month       ={Oct},
}

@book{Russel2003AI_GA,
    place       =   {Upper Saddle River, N.J.},
    title       =   {Artificial intelligence},
    publisher   =   {Prentice Hall/Pearson Education},
    author      =   {Russell, Stuart J and Norvig, Peter},
    year        =   {2003},
    pages       =   {133},
    numpages    =   {1152}
}

@book{Russel2003AI_GP,
    place       =   {Upper Saddle River, N.J.},
    title       =   {Artificial intelligence},
    publisher   =   {Prentice Hall/Pearson Education},
    author      =   {Russell, Stuart J and Norvig, Peter},
    year        =   {2003},
    pages       =   {116},
    numpages    =   {1152}
}


@article{Sharma2013Genetic,
    author = {Sharma, Sanjay K. and Sutton, Robert},
    doi = {10.1080/20464177.2013.11020276},
    issn = {20568487},
    journal = {Journal of Marine Engineering and Technology},
    number = {2},
    pages = {29--40},
    title = {{A genetic algorithm based nonlinear guidance and control system for an uninhabited surface vehicle}},
    volume = {12},
    year = {2013}
}

@inproceedings{Soltan2009Trajectory,
    author      = {Soltan, Reza A and Ashrafiuon, Hashem and Muske, Kenneth R},
    booktitle   = {Proceedings of the ASME 2009 International Design Engineering Technical Conferences \& Computers and Information in Engineering Conference},
    pages       = {1--9},
    title       = {{TRAJECTORY REAL-TIME OBSTACLE AVOIDANCE FOR UNDERACTUATED UNMANNED SURFACE VESSELS}},
    year        = {2009}
}

@article{Soltan2011ODE,
    author  = {Soltan, Reza A. and Ashrafiuon, Hashem and Muske, Kenneth R.},
    doi     = {10.1017/S0263574710000585},
    issn    = {14698668},
    journal = {Robotica},
    number  = {5},
    pages   = {691--703},
    title   = {{ODE-based obstacle avoidance and trajectory planning for unmanned surface vessels}},
    volume  = {29},
    year    = {2011}
}

@inproceedings{Svec2011Trajectory,
    author      = {Svec, Petr and Schwartz, Maxim and Thakur, Atul and Gupta, Satyandra K.},
    booktitle   = {2011 IEEE/RSJ International Conference on Intelligent Robots and Systems},
    doi         = {10.1109/IROS.2011.6048670},
    isbn        = {9781612844541},
    issn        = {2153-0858},
    journal     = {IEEE International Conference on Intelligent Robots and Systems},
    pages       = {1154--1159},
    publisher   = {IEEE},
    title       = {{Trajectory planning with look-ahead for unmanned sea surface vehicles to handle environmental disturbances}},
    year        = {2011}
}

@inproceedings{Svec2012USV,
    author      = {Svec, Petr},
    booktitle   = {Proceedings of the ASME 2012 International Design Engineering Technical Conferences \& Computers and Information in Engineering Conference},
    pages       = {1--10},
    title       = {{USV Trajectory Planning for Time Varying Motion Goals in an Environment with Obstacles}},
    year        = {2012}
}

@article{Svec2012Automated,
    author  = {Svec, Petr and Gupta, Satyandra K.},
    doi     = {10.1007/s10514-011-9268-6},
    isbn    = {0929-5593},
    issn    = {09295593},
    journal = {Autonomous Robots},
    number  = {2},
    pages   = {149--164},
    title   = {{Automated synthesis of action selection policies for unmanned vehicles operating in adverse environments}},
    volume  = {32},
    year    = {2012}
}

@article{Svec2013Dynamics,
    author = {Svec, Petr and Shah, Brual C. and Bertaska, Ivan R. and Alvarez, Jose and Sinisterra, Armando J. and {Von Ellenrieder}, Karl and Dhanak, Manhar and Gupta, Satyandra K.},
    doi = {10.1109/IROS.2013.6696910},
    isbn = {9781467363587},
    issn = {21530858},
    journal = {IEEE International Conference on Intelligent Robots and Systems},
    pages = {3871--3878},
    title = {{Dynamics-aware target following for an autonomous surface vehicle operating under COLREGs in civilian traffic}},
    year = {2013}
}


@article{Xu2013Fast,
    author = {Xu, Bin and Stilwell, Daniel J. and Kurdila, Andrew J.},
    doi = {10.1007/s10846-012-9794-2},
    issn = {09210296},
    journal = {Journal of Intelligent and Robotic Systems: Theory and Applications},
    number = {3-4},
    pages = {303--317},
    title = {{Fast path re-planning based on fast marching and level sets}},
    volume = {71},
    year = {2013}
}
@article{Xu2007Multi,
    author = {Xu, T. and Sutton, R. and Sharma, S.},
    doi = {10.1243/14750902JEME72},
    isbn = {9781617798702},
    issn = {14750902},
    journal = {Proceedings of the Institution of Mechanical Engineers Part M: Journal of Engineering for the Maritime Environment},
    number = {4},
    pages = {167--186},
    title = {{A multi-sensor data fusion navigation system for an unmanned surface vehicle}},
    volume = {221},
    year = {2007}
}
@techreport{Zelinka2013Recent,
    author = {Zelinka, Ivan and Hoang, Vo and Jaesang, Duy and Editors, Cha},
    file = {:home/darlan/Darlan/Academic-Research/Master/Research/Unmanned-Surface-Vehicle/Related-Work/[Lecture Notes in Electrical Engineering 282] Ivan Zelinka, Vo Hoang Duy, Jaesang Cha (eds.) - AETA 2013{\_} Recent Advances in Electrical Engineering and Related Sciences (2014, Springer-Verlag Berlin Heidelberg).pdf:pdf},
    mendeley-groups = {PEP},
    title = {{LNEE 282 - AETA 2013: Recent Advances in Electrical Engineering and Related Sciences}},
    url = {http://www.springer.com/series/7818},
    year = {2013}
}

@article{Zhuang2011Motion,
    author = {Zhuang, Jia Yuan and Su, Yu Min and Liao, Yu Lei and Sun, Han Bing},
    doi = {10.1016/j.proeng.2011.08.053},
    isbn = {1877-7058},
    issn = {18777058},
    journal = {Procedia Engineering},
    pages = {269--276},
    title = {{Motion planning of USV based on Marine rules}},
    url = {http://dx.doi.org/10.1016/j.proeng.2011.08.053},
    volume = {15},
    year = {2011}
}

@article{Liu2016Unmanned,
    author = {Liu, Zhixiang and Zhang, Youmin and Yu, Xiang and Yuan, Chi},
    doi = {10.1016/j.arcontrol.2016.04.018},
    isbn = {1367-5788},
    issn = {13675788},
    journal = {Annual Reviews in Control},
    pages = {71--93},
    publisher = {Elsevier Ltd},
    title = {{Unmanned surface vehicles: An overview of developments and challenges}},
    url = {http://dx.doi.org/10.1016/j.arcontrol.2016.04.018},
    volume = {41},
    year = {2016}
}

@article{Singh2018Constrained,
    author = {Singh, Yogang and Sharma, Sanjay and Sutton, Robert and Hatton, Daniel and Khan, Asiya},
    doi         = {10.1016/j.oceaneng.2018.09.016},
    isbn        = {9781538652213},
    issn        = {00298018},
    journal     = {Ocean Engineering},
    number      = {June},
    pages       = {187--201},
    publisher   = {Elsevier Ltd},
    title       = {{A constrained A* approach towards optimal path planning for an unmanned surface vehicle in a maritime environment containing dynamic obstacles and ocean currents}},
    url         = {https://doi.org/10.1016/j.oceaneng.2018.09.016},
    volume      = {169},
    year        = {2018}
}


@article{Svec2011aAutomated,
    author = {Svec, Petr and Gupta, Satyandra K.},
    doi = {10.1007/978-3-642-18272-3_12},
    isbn = {9783642182716},
    issn = {1860949X},
    journal = {Studies in Computational Intelligence},
    pages = {171--193},
    title = {{Automated planning logic synthesis for autonomous unmanned vehicles in competitive environments with deceptive adversaries}},
    volume = {341},
    year = {2011}
}

@inproceedings{Wohlin2014Guidelines,
    author      = {Wohlin, Claes},
    title       = {Guidelines for Snowballing in Systematic Literature Studies and a Replication in Software Engineering},
    booktitle   = {18th International Conference on Evaluation and Assessment in Software Engineering},
    year        = {2014},
    pages       = {38:1--38:10}
} 

@article{Yan2010Development,
    author      = {Jian Yan, Ru and Pang, Shuo and Bing Sun, Han and Jie Pang, Yong},
    doi         = {10.1007/s11804-010-1033-2},
    issn        = {16719433},
    journal     = {Journal of Marine Science and Application},
    keywords    = {littoral combat ship,mine countermeasures,surveillance and reconnaissance,unmanned combat system,unmanned surface vehicle},
    number      = {4},
    pages       = {451--457},
    title       = {Development and missions of unmanned surface vehicle},
    volume      = {9},
    year        = {2010}
}

@article{Yang2010Efficient,
    author = {Yang, Aolei and Niu, Qun and Zhao, Wanqing and Li, Kang and Irwin, George W.},
    doi = {10.1007/978-3-642-15597-0_50},
    isbn = {978-3-642-15597-0},
    issn = {03029743},
    journal = {Lecture Notes in Computer Science (including subseries Lecture Notes in Artificial Intelligence and Lecture Notes in Bioinformatics)},
    number = {PART 2},
    pages = {456--466},
    title = {{An efficient algorithm for grid-based robotic path planning based on priority sorting of direction vectors}},
    volume = {6329 LNCS},
    year = {2010}
}

%%%%%%%%%%%%%%%%%%%%%%%% MISC

@misc{COLREGS,
    author      = {IMO},
    title       = {Convention on the International Regulations for Preventing Collisions at Sea, 1972},
    url         = {http://www.imo.org/en/About/Conventions/ListOfConventions/Pages/COLREG.aspx},
    month       = {December}, 
    year        = {2018}
}

@misc{Darlan2018USV_GUIDER,
  author 		= {Jurak, D. A.},
  title 		= {Python USV\_GUIDER},
  year 			= {2018},
  month  		= {December},
  publisher 	= {GitHub},
  journal 		= {GitHub repository},
  url 	        = {https://github.com/Unmanned-Surface-Vehicle/USV\_GuidanceSystem},
  commit 		= {d674fef0d246a935a054201c7617d8a40c2bdf08}
}

@misc{nasbla2009, 
    title       =   {Navigation Rules (Basic)}, 
    url         =   {https://www.slideshare.net/NASBLA/navigation-rules-basic}, 
    author      =   {NASBLA Follow}, 
    month       =   {January},
    year        =   {2019}
}

@misc{NORMAM,
    author      = {Diretoria de Portos e Costas da Marinha do Brasil - Autoridade Marítima do Brasil},
    title       = {NORMAM - Normas da Autoridade Marítima},
    url         = {https://www.marinha.mil.br/dpc/normas},
    month       = {December}, 
    year        = {2018}
}

@misc{PlatypusLutraAirboat,
    author      = {Platypus, LLC},
    title       = {The Lutra Airboat},
    url         = {http://senseplatypus.com/lutra-airboat/},
    month       = {December}, 
    year        = {2018}
}



@misc{yachtcluTSS, 
    title       =   {Harwich TSS},
    url         =   {http://www.islandyachtclub.org.uk/sailing/sailing_information/HarwichTSS.pdf}, 
    author      =   {Island Yacht Club},
    month       =   {January},
    year        =   {2019}
}

@misc{MOOS, 
    title       =   {Mission Oriented Operating Suite},
    url         =   {https://ori.ox.ac.uk/moos/}, 
    author      =   {Oxford Mobile Robotics Group},
    month       =   {April},
    year        =   {2019}
}

@misc{PlatypusLLC, 
    title       =   {Platypus LLC.},
    url         =   {http://senseplatypus.com/}, 
    author      =   {Platypus LLC},
    month       =   {December},
    year        =   {2019}
}

@misc{RPLidarA3, 
    title       =   {RPLidar A3},
    url         =   {http://www.slamtec.com/en/Lidar/A3}, 
    author      =   {Shanghai Slamtec Co., Ltd.},
    month       =   {December},
    year        =   {2019}
}

